<collection xmlns="http://www.loc.gov/MARC21/slim">
<record>
  <leader>00406na 0a22001211i 450 </leader>
  <controlfield tag="001">IT\ICCU\CNCE\047219</controlfield>
  <controlfield tag="005">19990216000000.0</controlfield>
  <datafield tag="100" ind1=" " ind2=" ">
    <subfield code="a">19990216             0itac0103    ba</subfield>
  </datafield>
  <datafield tag="101" ind1=" " ind2=" ">
    <subfield code="a">LAT</subfield>
  </datafield>
  <datafield tag="200" ind1="1" ind2=" ">
    <subfield code="a">De sacris apostolicis traditionibus liber ...</subfield>
  </datafield>
  <datafield tag="700" ind1=" " ind2="1">
    <subfield code="a">Coronel,</subfield>
    <subfield code="b">Gregorio Nuęz</subfield>
    <subfield code="3">IT\ICCU\CNCA\003506</subfield>
  </datafield>
  <datafield tag="790" ind1=" " ind2="1">
    <subfield code="a">Nunez Coronel,</subfield>
    <subfield code="b">Gregorio</subfield>
    <subfield code="3">IT\ICCU\CNCA\013549</subfield>
    <subfield code="z">Coronel, Gregorio Nuęz</subfield>
  </datafield>
  <datafield tag="801" ind1=" " ind2="3">
    <subfield code="a">IT</subfield>
    <subfield code="b">ICCU</subfield>
    <subfield code="c">20201115</subfield>
  </datafield>
</record>
</collection>
